[gd_scene load_steps=6 format=2]

[ext_resource path="res://Main.gd" type="Script" id=1]
[ext_resource path="res://levels/Level1.tscn" type="PackedScene" id=2]
[ext_resource path="res://ui/CommandEditor.tscn" type="PackedScene" id=3]
[ext_resource path="res://VariablesWindow.tscn" type="PackedScene" id=4]

[sub_resource type="RectangleShape2D" id=1]

custom_solver_bias = 0.0
extents = Vector2( 641.353, 374.096 )

[node name="Main" type="Node2D" index="0"]

script = ExtResource( 1 )
level_resource = ExtResource( 2 )

[node name="LevelParent" type="Node2D" parent="." index="0"]

[node name="GUI" type="Node2D" parent="." index="1"]

pause_mode = 2
_sections_unfolded = [ "Pause" ]

[node name="CommandEditor" parent="GUI" index="0" instance=ExtResource( 3 )]

visible = false
margin_left = 13.0
margin_top = 29.0
margin_right = 285.0
margin_bottom = 702.0
popup_exclusive = true

[node name="WinPopup" type="WindowDialog" parent="GUI" index="1"]

pause_mode = 2
editor/display_folded = true
visible = false
anchor_left = 0.0
anchor_top = 0.0
anchor_right = 0.0
anchor_bottom = 0.0
margin_left = 548.0
margin_top = 332.0
margin_right = 732.0
margin_bottom = 437.0
rect_pivot_offset = Vector2( 0, 0 )
rect_clip_content = false
mouse_filter = 0
mouse_default_cursor_shape = 0
size_flags_horizontal = 1
size_flags_vertical = 1
popup_exclusive = true
window_title = "You Win!"
resizable = false
_sections_unfolded = [ "Pause", "Popup" ]

[node name="Buttons" type="VBoxContainer" parent="GUI/WinPopup" index="1"]

anchor_left = 0.0
anchor_top = 0.0
anchor_right = 0.0
anchor_bottom = 0.0
margin_left = 51.0
margin_top = 28.0
margin_right = 140.0
margin_bottom = 72.0
rect_pivot_offset = Vector2( 0, 0 )
rect_clip_content = false
mouse_filter = 1
mouse_default_cursor_shape = 0
size_flags_horizontal = 1
size_flags_vertical = 1
alignment = 0
__meta__ = {
"_edit_group_": true
}

[node name="Replay" type="Button" parent="GUI/WinPopup/Buttons" index="0"]

anchor_left = 0.0
anchor_top = 0.0
anchor_right = 0.0
anchor_bottom = 0.0
margin_right = 89.0
margin_bottom = 20.0
rect_pivot_offset = Vector2( 0, 0 )
rect_clip_content = false
focus_mode = 2
mouse_filter = 0
mouse_default_cursor_shape = 0
size_flags_horizontal = 1
size_flags_vertical = 1
toggle_mode = false
enabled_focus_mode = 2
shortcut = null
group = null
text = "Replay?"
flat = false
align = 1

[node name="BackLevelSelect" type="Button" parent="GUI/WinPopup/Buttons" index="1"]

anchor_left = 0.0
anchor_top = 0.0
anchor_right = 0.0
anchor_bottom = 0.0
margin_top = 24.0
margin_right = 89.0
margin_bottom = 44.0
rect_pivot_offset = Vector2( 0, 0 )
rect_clip_content = false
focus_mode = 2
mouse_filter = 0
mouse_default_cursor_shape = 0
size_flags_horizontal = 1
size_flags_vertical = 1
toggle_mode = false
enabled_focus_mode = 2
shortcut = null
group = null
text = "Level Select"
flat = false
align = 1

[node name="VariablesWindow" parent="GUI" index="2" instance=ExtResource( 4 )]

visible = false
margin_left = 1017.0
margin_top = 55.0
margin_right = 1274.0
margin_bottom = 337.0

[node name="Controls" type="HBoxContainer" parent="GUI" index="3"]

anchor_left = 0.0
anchor_top = 0.0
anchor_right = 0.0
anchor_bottom = 0.0
margin_left = 902.0
margin_top = 4.0
margin_right = 1276.0
margin_bottom = 30.0
rect_pivot_offset = Vector2( 0, 0 )
rect_clip_content = false
mouse_filter = 1
mouse_default_cursor_shape = 0
size_flags_horizontal = 1
size_flags_vertical = 1
custom_constants/separation = 20
alignment = 0
_sections_unfolded = [ "custom_constants" ]

[node name="StartButton" type="Button" parent="GUI/Controls" index="0"]

anchor_left = 0.0
anchor_top = 0.0
anchor_right = 0.0
anchor_bottom = 0.0
margin_right = 41.0
margin_bottom = 26.0
rect_pivot_offset = Vector2( 0, 0 )
rect_clip_content = false
focus_mode = 2
mouse_filter = 0
mouse_default_cursor_shape = 0
size_flags_horizontal = 1
size_flags_vertical = 1
toggle_mode = true
enabled_focus_mode = 2
shortcut = null
group = null
text = "Start"
flat = false
align = 1
_sections_unfolded = [ "Pause" ]

[node name="ShowCmdListButton" type="Button" parent="GUI/Controls" index="1"]

anchor_left = 0.0
anchor_top = 0.0
anchor_right = 0.0
anchor_bottom = 0.0
margin_left = 61.0
margin_right = 202.0
margin_bottom = 26.0
rect_pivot_offset = Vector2( 0, 0 )
rect_clip_content = false
focus_mode = 2
mouse_filter = 0
mouse_default_cursor_shape = 0
size_flags_horizontal = 1
size_flags_vertical = 1
toggle_mode = false
enabled_focus_mode = 2
shortcut = null
group = null
text = "Show Command List"
flat = false
align = 1

[node name="LevelSelect" type="Button" parent="GUI/Controls" index="2"]

anchor_left = 0.0
anchor_top = 0.0
anchor_right = 0.0
anchor_bottom = 0.0
margin_left = 222.0
margin_right = 374.0
margin_bottom = 26.0
rect_pivot_offset = Vector2( 0, 0 )
rect_clip_content = false
focus_mode = 2
mouse_filter = 0
mouse_default_cursor_shape = 0
size_flags_horizontal = 1
size_flags_vertical = 1
toggle_mode = false
enabled_focus_mode = 2
shortcut = null
group = null
text = "Return to Level Select"
flat = false
align = 1

[node name="CommandErrorAlert" type="AcceptDialog" parent="GUI" index="4"]

visible = false
anchor_left = 0.0
anchor_top = 0.0
anchor_right = 0.0
anchor_bottom = 0.0
margin_left = 483.0
margin_top = 347.0
margin_right = 793.0
margin_bottom = 405.0
rect_pivot_offset = Vector2( 0, 0 )
rect_clip_content = false
mouse_filter = 0
mouse_default_cursor_shape = 0
size_flags_horizontal = 1
size_flags_vertical = 1
popup_exclusive = true
window_title = "Error!"
resizable = false
dialog_text = "At least one command isn't entered correctly!"
dialog_hide_on_ok = true
_sections_unfolded = [ "Dialog", "Popup" ]

[node name="TimePanel" type="Panel" parent="GUI" index="5"]

anchor_left = 0.5
anchor_top = 0.5
anchor_right = 0.5
anchor_bottom = 0.5
margin_left = 538.0
margin_top = -29.0
margin_right = 668.0
margin_bottom = -5.0
rect_pivot_offset = Vector2( 0, 0 )
rect_clip_content = false
mouse_filter = 0
mouse_default_cursor_shape = 0
size_flags_horizontal = 1
size_flags_vertical = 1
_sections_unfolded = [ "Rect" ]

[node name="Label" type="Label" parent="GUI/TimePanel" index="0"]

anchor_left = 0.5
anchor_top = 0.5
anchor_right = 0.5
anchor_bottom = 0.5
margin_left = -60.0
margin_top = -8.0
margin_right = 64.0
margin_bottom = 6.0
rect_pivot_offset = Vector2( 0, 0 )
rect_clip_content = false
mouse_filter = 2
mouse_default_cursor_shape = 0
size_flags_horizontal = 1
size_flags_vertical = 4
text = "0 s"
align = 2
percent_visible = 1.0
lines_skipped = 0
max_lines_visible = -1
_sections_unfolded = [ "Anchor" ]

[node name="LevelArea" type="Area2D" parent="." index="2"]

editor/display_folded = true
visible = false
position = Vector2( 640, 360 )
input_pickable = true
gravity_vec = Vector2( 0, 1 )
gravity = 98.0
linear_damp = 0.1
angular_damp = 1.0
audio_bus_override = false
audio_bus_name = "Master"
_sections_unfolded = [ "Transform" ]
__meta__ = {
"_edit_group_": true,
"_edit_lock_": true
}

[node name="CollisionShape2D" type="CollisionShape2D" parent="LevelArea" index="0"]

shape = SubResource( 1 )

[node name="SimTimer" type="Timer" parent="." index="3"]

process_mode = 1
wait_time = 10.0
one_shot = true
autostart = false
_sections_unfolded = [ "Pause" ]


