[gd_scene load_steps=3 format=2]

[ext_resource path="res://ui/CommandEditPanel.tscn" type="PackedScene" id=1]
[ext_resource path="res://ui/CChangeVariableEditor.gd" type="Script" id=2]

[node name="CChangeVariableEditor" instance=ExtResource( 1 )]

script = ExtResource( 2 )

[node name="Layout" parent="." index="0"]

margin_bottom = 115.0

[node name="Label" parent="Layout/MarginContainer/Header" index="0"]

margin_right = 97.0
text = "ChangeVariable"

[node name="Spacer" parent="Layout/MarginContainer/Header" index="1"]

margin_left = 101.0

[node name="Name" type="HBoxContainer" parent="Layout" index="2"]

anchor_left = 0.0
anchor_top = 0.0
anchor_right = 0.0
anchor_bottom = 0.0
margin_top = 32.0
margin_right = 202.0
margin_bottom = 56.0
rect_pivot_offset = Vector2( 0, 0 )
rect_clip_content = false
mouse_filter = 1
mouse_default_cursor_shape = 0
size_flags_horizontal = 1
size_flags_vertical = 1
custom_constants/separation = 5
alignment = 0
_sections_unfolded = [ "custom_constants" ]

[node name="Label" type="Label" parent="Layout/Name" index="0"]

anchor_left = 0.0
anchor_top = 0.0
anchor_right = 0.0
anchor_bottom = 0.0
margin_top = 5.0
margin_right = 38.0
margin_bottom = 19.0
rect_pivot_offset = Vector2( 0, 0 )
rect_clip_content = false
hint_tooltip = "Name of the variable"
mouse_filter = 0
mouse_default_cursor_shape = 0
size_flags_horizontal = 1
size_flags_vertical = 4
text = "Name"
percent_visible = 1.0
lines_skipped = 0
max_lines_visible = -1
_sections_unfolded = [ "Hint", "Mouse" ]

[node name="Field" type="LineEdit" parent="Layout/Name" index="1"]

anchor_left = 0.0
anchor_top = 0.0
anchor_right = 0.0
anchor_bottom = 0.0
margin_left = 43.0
margin_right = 202.0
margin_bottom = 24.0
rect_pivot_offset = Vector2( 0, 0 )
rect_clip_content = false
focus_mode = 2
mouse_filter = 0
mouse_default_cursor_shape = 0
size_flags_horizontal = 3
size_flags_vertical = 1
align = 1
focus_mode = 2
context_menu_enabled = true
placeholder_alpha = 0.6
caret_blink = false
caret_blink_speed = 0.65
caret_position = 0
_sections_unfolded = [ "Margin", "Size Flags" ]

[node name="Action" type="HBoxContainer" parent="Layout" index="3"]

anchor_left = 0.0
anchor_top = 0.0
anchor_right = 0.0
anchor_bottom = 0.0
margin_top = 60.0
margin_right = 202.0
margin_bottom = 80.0
rect_pivot_offset = Vector2( 0, 0 )
rect_clip_content = false
mouse_filter = 1
mouse_default_cursor_shape = 0
size_flags_horizontal = 1
size_flags_vertical = 1
custom_constants/separation = 5
alignment = 0
_sections_unfolded = [ "custom_constants" ]

[node name="Label" type="Label" parent="Layout/Action" index="0"]

anchor_left = 0.0
anchor_top = 0.0
anchor_right = 0.0
anchor_bottom = 0.0
margin_top = 3.0
margin_right = 41.0
margin_bottom = 17.0
rect_pivot_offset = Vector2( 0, 0 )
rect_clip_content = false
hint_tooltip = "What this command will do to the variable.
Set: sets the value of this variable to Value
Add: sets the value of this variable to the current value of this variable plus Value"
mouse_filter = 0
mouse_default_cursor_shape = 0
size_flags_horizontal = 1
size_flags_vertical = 4
text = "Action"
percent_visible = 1.0
lines_skipped = 0
max_lines_visible = -1
_sections_unfolded = [ "Hint", "Mouse" ]

[node name="Field" type="OptionButton" parent="Layout/Action" index="1"]

anchor_left = 0.0
anchor_top = 0.0
anchor_right = 0.0
anchor_bottom = 0.0
margin_left = 46.0
margin_right = 202.0
margin_bottom = 20.0
rect_pivot_offset = Vector2( 0, 0 )
rect_clip_content = false
focus_mode = 2
mouse_filter = 0
mouse_default_cursor_shape = 0
size_flags_horizontal = 3
size_flags_vertical = 1
toggle_mode = false
action_mode = 0
enabled_focus_mode = 2
shortcut = null
group = null
text = "Set"
flat = false
align = 1
items = [ "Set", null, false, 0, null, "Add", null, false, 1, null ]
selected = 0
_sections_unfolded = [ "Margin", "Size Flags" ]

[node name="Value" type="HBoxContainer" parent="Layout" index="4"]

anchor_left = 0.0
anchor_top = 0.0
anchor_right = 0.0
anchor_bottom = 0.0
margin_top = 84.0
margin_right = 202.0
margin_bottom = 108.0
rect_pivot_offset = Vector2( 0, 0 )
rect_clip_content = false
mouse_filter = 1
mouse_default_cursor_shape = 0
size_flags_horizontal = 1
size_flags_vertical = 1
custom_constants/separation = 5
alignment = 0
_sections_unfolded = [ "custom_constants" ]

[node name="Label" type="Label" parent="Layout/Value" index="0"]

anchor_left = 0.0
anchor_top = 0.0
anchor_right = 0.0
anchor_bottom = 0.0
margin_top = 5.0
margin_right = 35.0
margin_bottom = 19.0
rect_pivot_offset = Vector2( 0, 0 )
rect_clip_content = false
hint_tooltip = "How the action affects the variable"
mouse_filter = 0
mouse_default_cursor_shape = 0
size_flags_horizontal = 1
size_flags_vertical = 4
text = "Value"
percent_visible = 1.0
lines_skipped = 0
max_lines_visible = -1
_sections_unfolded = [ "Hint", "Mouse" ]

[node name="Field" type="LineEdit" parent="Layout/Value" index="1"]

anchor_left = 0.0
anchor_top = 0.0
anchor_right = 0.0
anchor_bottom = 0.0
margin_left = 40.0
margin_right = 202.0
margin_bottom = 24.0
rect_pivot_offset = Vector2( 0, 0 )
rect_clip_content = false
focus_mode = 2
mouse_filter = 0
mouse_default_cursor_shape = 0
size_flags_horizontal = 3
size_flags_vertical = 1
align = 1
focus_mode = 2
context_menu_enabled = true
placeholder_alpha = 0.6
caret_blink = false
caret_blink_speed = 0.65
caret_position = 0
_sections_unfolded = [ "Margin", "Size Flags" ]


